@ARTICLE{habitosleit,
	author = {Delamaro, Maur{\'i}cio and Mingroni, Andreia and Cicone, Debora},
	title = {Sobre H{\'a}bitos de Leitura de Estudantes de Engenharia},
	subtitle= {Um Diagn{\'o}stico Preliminar},
	journal = {Anais do XXXIV COBENGE},
	year = {2006},
	pages = {9.132 - 9.143},
}

@MISC{FichamentoBili,
	author = {Ribeiro, Ana Elisa and Guimar{\~a}es, Izabella F. and Silva, Suelen E. Costa da},
	title = {Aulas de Portugu{\^e}s na Forma{\c{c}}{\~a}o de Engenheiros},
	subtitle = {Expectativas e Concep{\c{c}}{\~o}es de Alunos e Professores de Institui{\c{c}}{\~a}o P{\'u}blica em Minas Gerais},
	year = {2012},
	bdsk-url-1 = {http://periodicos.pucminas.br/index.php/scripta/article/viewFile/4243/4396},
	url = {http://periodicos.pucminas.br/index.php/scripta/article/viewFile/4243/4396},
	urlaccessdate = {21 abr. 2016}
}